<record xmlns="http://www.loc.gov/MARC21/slim" xmlns:xsi="http://www.w3.org/2001/XMLSchema-instance" xsi:schemaLocation="http://www.loc.gov/MARC21/slim http://www.loc.gov/standards/marcxml/schema/MARC21slim.xsd"><leader>     nam a22        4500</leader><controlfield tag="001">3130413</controlfield><controlfield tag="003">NNC</controlfield><controlfield tag="006">m        d        </controlfield><controlfield tag="007">cr cn |||m|||a</controlfield><controlfield tag="008">150316s1909    ua      o     000 0 ara d</controlfield><datafield ind1=" " ind2=" " tag="040"><subfield code="a">NNU</subfield><subfield code="b">eng</subfield><subfield code="c">NNU</subfield></datafield><datafield ind1="1" ind2=" " tag="100"><subfield code="6">880-01</subfield><subfield code="a">Ibn Qayyim al-Jawzi&#772;yah, Muh&#803;ammad ibn Abi&#772; Bakr,</subfield><subfield code="d">1292-1350.</subfield></datafield><datafield ind1="1" ind2="0" tag="240"><subfield code="a">Igha&#772;that al-lahfa&#772;n fi&#772; hukm t&#803;ala&#772;q al-ghad&#803;ba&#772;n</subfield></datafield><datafield ind1="1" ind2="0" tag="245"><subfield code="6">880-02</subfield><subfield code="a">Kita&#772;b Igha&#772;that al-lahfa&#772;n fi&#772; h&#803;ukm t&#803;ala&#772;q al-ghad&#803;ba&#772;n</subfield><subfield code="h">[electronic resource] /</subfield><subfield code="c">ta&#700;li&#772;f Abi&#772; &#699;Abd Alla&#772;h Muh&#803;ammad ibn Abi&#772; Bakr al-shahi&#772;r bi-Ibn Qayyim al-Jawzi&#772;yah. Nuqila &#699;an as&#803;l makht&#803;u&#772;t&#803; 885 bi-yad Muh&#803;ammad ibn &#699;Abd Alla&#772;h ibn  Hisha&#772;m al-Ans&#803;a&#772;ri&#772; min al-Maktabah al-Qa&#772;simi&#772;yah bi-Dimashq. Wa-qad &#699;uniya bi-tas&#803;h&#803;i&#772;h&#803;ihi wa-takhri&#772;ji ah&#803;a&#772;di&#772;thihi wa-ta&#699;li&#772;q h&#803;awa&#772;shi&#772;h Muh&#803;ammad Jama&#772;l al-Di&#772;n al-Qa&#772;simi&#772; al-Dimashqi&#772;.</subfield></datafield><datafield ind1=" " ind2=" " tag="250"><subfield code="a">al-T&#803;ab&#699;ah 1.</subfield></datafield><datafield ind1=" " ind2=" " tag="260"><subfield code="a">Mis&#803;r :</subfield><subfield code="b">Mat&#803;ba&#699;at al-Mana&#772;r,</subfield><subfield code="c">1327 [1909]</subfield></datafield><datafield ind1=" " ind2=" " tag="300"><subfield code="a">online resource (48 p.)</subfield></datafield><datafield ind1=" " ind2=" " tag="500"><subfield code="a">Part of the Arabic Collections Online (ACO) project, contributed by Columbia University Libraries.</subfield></datafield><datafield ind1=" " ind2=" " tag="533"><subfield code="a">Electronic reproduction.</subfield><subfield code="b">New York, N.Y. :</subfield><subfield code="c">New York University,</subfield><subfield code="d">2015.</subfield><subfield code="5">NNU</subfield></datafield><datafield ind1=" " ind2="0" tag="650"><subfield code="a">Divorce.</subfield></datafield><datafield ind1=" " ind2="0" tag="650"><subfield code="a">Divorce (Islamic law)</subfield></datafield><datafield ind1=" " ind2="7" tag="650"><subfield code="a">Divorce.</subfield><subfield code="2">fast</subfield><subfield code="0">(OCoLC)fst00895809</subfield></datafield><datafield ind1=" " ind2="7" tag="650"><subfield code="a">Divorce (Islamic law)</subfield><subfield code="2">fast</subfield><subfield code="0">(OCoLC)fst00895870</subfield></datafield><datafield ind1="1" ind2=" " tag="700"><subfield code="a">Qa&#772;simi&#772;, Jama&#772;l al-Di&#772;n,</subfield><subfield code="d">1866-1914.</subfield></datafield><datafield ind1="2" ind2=" " tag="710"><subfield code="a">Columbia University.</subfield><subfield code="b">Libraries.</subfield></datafield><datafield ind1="0" ind2=" " tag="730"><subfield code="a">Arabic Collections Online.</subfield></datafield><datafield ind1="0" ind2="8" tag="776"><subfield code="i">Print version:</subfield><subfield code="a">Ibn Qayyim al-Jawzi&#772;yah, Muh&#803;ammad ibn Abi&#772; Bakr, 1292-1350.</subfield><subfield code="t">Kita&#772;b Igha&#772;that al-lahfa&#772;n fi&#772; h&#803;ukm t&#803;ala&#772;q al-ghad&#803;ba&#772;n</subfield><subfield code="w">(NNC)3130413</subfield><subfield code="w">(OCoLC)83364371</subfield></datafield><datafield ind1="4" ind2="0" tag="856"><subfield code="u">http://hdl.handle.net/2333.1/qfttf1b8</subfield></datafield><datafield ind1="1" ind2=" " tag="880"><subfield code="6">100-01/r</subfield><subfield code="a">&#1575;&#1576;&#1606; &#1602;&#1610;&#1605; &#1575;&#1604;&#1580;&#1608;&#1586;&#1610;&#1577;&#1548; &#1605;&#1581;&#1605;&#1583; &#1576;&#1606; &#1575;&#1576;&#1610; &#1576;&#1603;&#1585;&#1548;</subfield><subfield code="d">1292-1350.</subfield></datafield><datafield ind1="1" ind2="0" tag="880"><subfield code="6">245-02/r</subfield><subfield code="a">&#1603;&#1578;&#1575;&#1576; &#1575;&#1594;&#1575;&#1579;&#1577; &#1575;&#1604;&#1604;&#1607;&#1601;&#1575;&#1606; &#1601;&#1610; &#1581;&#1603;&#1605; &#1591;&#1604;&#1575;&#1602; &#1575;&#1604;&#1594;&#1590;&#1576;&#1575;&#1606; /</subfield><subfield code="c">&#1578;&#1571;&#1604;&#1610;&#1601; &#1575;&#1576;&#1610; &#1593;&#1576;&#1583; &#1575;&#1604;&#1604;&#1607; &#1605;&#1581;&#1605;&#1583; &#1576;&#1606; &#1575;&#1576;&#1610; &#1576;&#1603;&#1585; &#1575;&#1604;&#1588;&#1607;&#1610;&#1585; &#1576;&#1575;&#1576;&#1606; &#1602;&#1610;&#1605; &#1575;&#1604;&#1580;&#1608;&#1586;&#1610;&#1577;. &#1606;&#1602;&#1604; &#1593;&#1606; &#1575;&#1589;&#1604; &#1605;&#1582;&#1591;&#1608;&#1591; 885 &#1576;&#1610;&#1583; &#1605;&#1581;&#1605;&#1583; &#1576;&#1606; &#1593;&#1576;&#1583; &#1575;&#1604;&#1604;&#1607; &#1576;&#1606;  &#1607;&#1588;&#1575;&#1605; &#1575;&#1604;&#1575;&#1606;&#1589;&#1575;&#1585;&#1610; &#1605;&#1606; &#1575;&#1604;&#1605;&#1603;&#1578;&#1576;&#1577; &#1575;&#1604;&#1602;&#1575;&#1587;&#1605;&#1610;&#1577; &#1576;&#1583;&#1605;&#1588;&#1602;. &#1608;&#1602;&#1583; &#1593;&#1606;&#1610; &#1576;&#1578;&#1589;&#1581;&#1610;&#1581;&#1607; &#1608;&#1578;&#1582;&#1585;&#1610;&#1580; &#1575;&#1581;&#1575;&#1583;&#1610;&#1579;&#1607; &#1608;&#1578;&#1593;&#1604;&#1610;&#1602; &#1581;&#1608;&#1575;&#1588;&#1610;&#1607; &#1605;&#1581;&#1605;&#1583; &#1580;&#1605;&#1575;&#1604; &#1575;&#1604;&#1583;&#1610;&#1606; &#1575;&#1604;&#1602;&#1575;&#1587;&#1605;&#1610; &#1575;&#1604;&#1583;&#1605;&#1588;&#1602;&#1610;.</subfield></datafield><datafield ind1=" " ind2=" " tag="959"><subfield code="a">NNU</subfield><subfield code="b">WEB</subfield><subfield code="c">GENI</subfield><subfield code="t">0</subfield><subfield code="m">Electronic access</subfield><subfield code="s">01</subfield></datafield><datafield ind1=" " ind2=" " tag="999"><subfield code="i">NNC_3130413</subfield><subfield code="o">(OCoLC)ocm83364371 </subfield><subfield code="s">columbia_aco000328</subfield><subfield code="e">(ERROR-880)</subfield></datafield></record>